<record><leader>00000cas a22000007a 4500</leader><controlfield tag="001">9244051</controlfield><controlfield tag="008">830222d18691869mauwr n       0    0eng d</controlfield><controlfield tag="009">3768</controlfield><datafield ind1=" " ind2=" " tag="010"><subfield code="a">sn 83020049 </subfield></datafield><datafield ind1=" " ind2=" " tag="040"><subfield code="a">NPX</subfield><subfield code="b">eng</subfield><subfield code="c">NPX</subfield><subfield code="d">MGN</subfield></datafield><datafield ind1=" " ind2=" " tag="042"><subfield code="a">msc</subfield></datafield><datafield ind1="0" ind2=" " tag="130"><subfield code="a">Public spirit (Groton, Mass.)</subfield></datafield><datafield ind1="0" ind2="4" tag="245"><subfield code="a">The public spirit.</subfield></datafield><datafield ind1=" " ind2=" " tag="260"><subfield code="a">Groton Junction [Groton], Mass. :</subfield><subfield code="b">John H. Turner,</subfield></datafield><datafield ind1=" " ind2=" " tag="300"><subfield code="a">v.</subfield></datafield><datafield ind1=" " ind2=" " tag="310"><subfield code="a">Weekly</subfield></datafield><datafield ind1="0" ind2=" " tag="362"><subfield code="a">Vol. 1, no. 1 (May 13, 1869)-</subfield></datafield><datafield ind1="1" ind2=" " tag="362"><subfield code="a">Ceased June 10, 1869?</subfield></datafield><datafield ind1=" " ind2=" " tag="752"><subfield code="a">United States</subfield><subfield code="b">Massachusetts</subfield><subfield code="c">Middlesex</subfield><subfield code="d">Groton.</subfield></datafield><datafield ind1="0" ind2="0" tag="785"><subfield code="t">Weekly public spirit</subfield><subfield code="w">(DLC)sn 83020050</subfield></datafield></record>